2394 3564
1038 245 1289 284 -7—

268 347 388 387 Caes.
414 348 512 398 Frg.
544 358 630 397 144,
663 357 732 398 23:
766 347 813 386 Id
848 352 891 386 ut
923 347 1011 386 eius
1044 346 1161 384 modi
1195 352 1239 385 ut
1270 347 1406 397 magis
1439 346 1677 398 optandum
1711 359 1841 396 quam
1874 360 2044 398 speran-

270 417 372 455 dum
406 422 615 466 optarem.

386 499 443 552 (b)
491 501 585 541 The
617 508 810 541 extreme
842 500 1114 551 subjectivity
1149 499 1199 538 of
1238 505 1390 550 optare
1436 501 1468 538 is
1509 501 1599 539 also
1646 500 1858 539 indicated
1907 499 1967 550 by
1999 500 2049 538 its

269 583 344 608 use
376 570 414 608 in
448 571 711 621 contrasting
755 568 827 608 the
873 568 984 607 ideal
1030 569 1069 606 in
1103 581 1207 606 ones
1246 568 1362 606 mind
1395 568 1495 607 with
1529 569 1719 607 external
1758 569 1919 619 reality.
2002 567 2047 607 In

269 637 351 676 this
383 651 506 677 sense
538 639 567 676 it
599 639 631 677 is
664 636 905 687 frequently
936 635 1009 674 the
1041 635 1186 687 object
1218 635 1418 675 infinitive
1441 636 1540 675 with
1564 637 1735 684 audere,
1761 637 1843 675 and
1877 638 1909 675 is
1932 635 2048 675 often

269 706 512 756 equivalent
556 712 600 744 to
646 705 717 744 the
764 703 942 756 English
991 704 1168 743 “dream
1214 703 1305 744 of”.
1404 704 1620 756 Compare
1672 705 1805 744 Plaut.
1838 704 1914 744 As.
1947 704 2047 756 625:

270 775 454 814 Noctem
487 781 605 814 tuam
638 780 679 813 et
709 774 793 813 vini
825 773 982 812 cadum
1015 773 1142 812 velim
1189 774 1222 812 si
1271 779 1418 825 optata
1464 773 1578 813 fiant.
1659 773 1757 813 Ter.
1790 773 1914 812 Phor.
1948 774 2047 824 758:

271 842 415 892 Quam
461 856 592 894 saepe
637 842 744 881 forte
790 847 952 880 temere
998 842 1198 880 eveniunt
1245 854 1356 892 quae
1395 854 1479 880 non
1513 841 1674 880 audeas
1711 842 1879 893 optare!
1961 839 2048 881 Cic.

269 910 359 950 Art.
394 920 430 962 7.
471 922 501 950 Ι.
537 921 579 950 2:
612 910 700 949 Nisi
734 909 847 948 idem
881 909 1000 957 deus,
1034 909 1106 959 qui
1137 922 1216 947 nos
1248 909 1400 948 melius
1433 922 1562 960 quam
1596 915 1747 960 optare
1777 909 2047 958 auderemus,

269 979 466 1018 Parthico
497 978 609 1018 bello
640 978 833 1017 liberavit
864 978 1099 1029 respexerit
1127 991 1215 1016 rem
1240 977 1469 1028 publicam.
1532 978 1640 1028 Imp.
1658 977 1809 1029 Pomp.
1835 988 1905 1028 25:
1940 978 2050 1016 Tan-

269 1052 359 1086 tum
398 1048 532 1087 victus
579 1046 749 1086 efficere
796 1047 952 1097 potuit,
1006 1052 1213 1096 quantum
1260 1046 1483 1085 incolumis
1529 1059 1767 1097 numquam
1814 1051 1878 1084 est
1923 1059 2049 1085 ausus

271 1121 433 1166 optare.
494 1115 575 1155 Pis,
597 1126 671 1164 41:
705 1115 770 1154 Ea
800 1115 987 1166 denique
1021 1127 1225 1164 generum
1259 1115 1547 1165 ordinumque
1579 1115 1784 1163 omnium,
1820 1127 1931 1165 quae
1963 1127 2048 1153 non

269 1184 403 1223 modo
436 1196 518 1235 ego
551 1189 702 1235 optare
734 1196 972 1234 numquam
1005 1182 1222 1231 auderem,
1271 1183 1347 1221 sed
1380 1184 1571 1235 cogitare
1602 1195 1688 1222 non
1721 1195 1896 1233 possem
1934 1181 2049 1235 (note

268 1251 370 1291 here
416 1258 566 1303 optare
604 1265 650 1290 as
687 1264 808 1290 more
853 1250 1091 1302 subjective
1129 1264 1237 1290 even
1274 1251 1375 1290 than
1409 1251 1627 1303 cogitare).
1708 1250 1788 1291 Pis,
1820 1251 1893 1299 46:
1945 1249 2048 1289 Mihi

269 1320 381 1359 enim
414 1332 620 1370 numqam
652 1326 827 1359 venerat
874 1321 913 1358 in
947 1326 1136 1359 mentem
1184 1320 1371 1359 furorem
1411 1326 1452 1359 et
1490 1321 1696 1359 insaniam
1729 1325 1879 1371 optare
1910 1318 2047 1367 vobis,

267 1389 307 1427 in
355 1401 484 1439 quam
531 1388 724 1428 incidisti.
806 1387 912 1441 Leg.
945 1389 1052 1441 Agr.
1091 1399 1122 1428 Ι.
1163 1400 1201 1428 Ι;
1254 1388 1455 1440 Cogitata
1500 1389 1755 1440 sapientium
1803 1402 1854 1427 an
1902 1393 2051 1440 optata

268 1456 525 1496 furiosorum
570 1457 787 1496 videatur?
868 1457 1010 1497 Flacc.
1051 1468 1121 1507 34:
1182 1457 1371 1496 Tantum
1422 1470 1661 1508 numquam
1712 1462 1776 1495 est
1826 1470 1954 1495 ausus
2005 1462 2050 1495 ut

268 1523 447 1564 haberet
477 1530 642 1577 optare.
704 1525 755 1564 N.
788 1524 843 1564 D.
884 1537 915 1565 Ι.
954 1536 1022 1577 19:
1058 1524 1261 1577 Longum
1293 1531 1357 1565 est
1388 1526 1442 1565 ad
1475 1526 1631 1575 omnia,
1666 1537 1778 1575 quae
1809 1525 1908 1564 talia
1938 1530 2047 1573 sunt,

268 1598 313 1631 ut
344 1599 491 1645 optata
523 1595 661 1646 magis
693 1606 824 1644 quarn
857 1595 1028 1632 inventa
1059 1594 1266 1633 videatur.

385 1677 438 1732 (e)
486 1678 580 1718 The
627 1692 703 1718 use
749 1679 799 1718 of
839 1684 990 1731 optare
1028 1681 1067 1718 in
1099 1679 1254 1718 wishes
1286 1679 1434 1719 whose
1466 1680 1708 1719 realization
1741 1681 1773 1719 is
1805 1679 2050 1730 manifestly

267 1747 443 1798 beyond
475 1747 636 1787 human
669 1760 827 1800 power.
889 1747 1021 1787 Plaut.
1045 1747 1176 1787 Merc.
1199 1758 1301 1800 907:
1350 1747 1487 1788 CHA.
1540 1749 1656 1799 Opta
1687 1761 1791 1799 ergo
1824 1748 1881 1788 ob
1913 1749 2049 1787 istunc

267 1817 460 1867 nuntium
493 1816 661 1867 quidvis
693 1815 780 1856 tibi.
857 1816 951 1856 EV.
1006 1815 1133 1866 Quid,
1182 1817 1215 1855 si
1256 1816 1433 1868 optabo.
1510 1815 1647 1857 CHA.
1699 1817 1818 1857 Deos
1850 1822 1972 1856 orato
2005 1822 2050 1856 ut

268 1886 357 1924 eius
408 1884 566 1924 faciant
615 1886 800 1937 copiam.
882 1885 980 1925 Ter.
1016 1886 1101 1925 Ad.
1135 1886 1236 1937 874:
1289 1886 1412 1925 Illum
1460 1891 1505 1924 ut
1550 1887 1665 1925 vivat
1716 1891 1878 1938 optant.
1959 1884 2046 1925 Cic.

267 1953 357 1992 Att.
393 1964 430 2003 3.
464 1963 500 2004 7.
536 1963 576 1992 2:
629 1952 728 1992 Hoc
775 1953 956 1993 adfirmo
1002 1955 1159 1993 nemini
1206 1959 1390 1993 mortem
1437 1955 1574 2006 magis
1621 1954 1859 2005 optandum
1906 1953 2046 1993 fuisse.

266 2020 369 2060 Phil.
400 2031 459 2061 10.
489 2032 554 2073 19:
589 2022 794 2073 Optanda
815 2035 931 2061 mors
964 2028 1038 2062 est.
1101 2021 1219 2062 Lael.
1244 2033 1310 2062 11:
1344 2023 1433 2061 Nisi
1465 2024 1590 2072 enim,
1625 2022 1743 2074 quod
1776 2022 1843 2061 ille
1874 2023 2048 2061 minime

267 2089 458 2141 putabat,
492 2091 857 2129 immortalitatem
889 2096 1040 2142 optare
1071 2091 1209 2130 vellet.
1287 2090 1378 2130 Cat.
1412 2090 1469 2131 M.
1502 2103 1546 2141 4:
1601 2090 1808 2130 Senectus
1841 2103 1971 2141 quam
2004 2096 2049 2129 ut

268 2158 558 2210 adipiscantur
590 2171 740 2197 omnes
773 2164 934 2210 optant.

381 2242 439 2296 (d)
490 2242 586 2282 The
633 2257 708 2282 use
754 2243 805 2282 of
844 2249 995 2296 optare
1026 2243 1127 2283 with
1174 2244 1391 2284 reference
1436 2250 1480 2284 to
1527 2244 1791 2296 speculative
1829 2258 1878 2283 or
1912 2244 2047 2283 moral

266 2312 410 2351 ideals.
473 2311 691 2363 Compare
722 2310 810 2352 Cic.
834 2311 964 2352 Dom.
988 2312 1061 2364 89:
1094 2312 1166 2351 An
1197 2318 1242 2351 tu
1274 2313 1484 2365 populum
1515 2312 1764 2352 Romanum
1796 2326 1891 2352 esse
1921 2318 2047 2364 putas

266 2381 383 2420 illum
416 2381 488 2431 qui
520 2386 688 2419 constat
733 2393 789 2419 ex
821 2381 879 2419 eis
913 2381 984 2432 qui
1017 2386 1167 2432 optent
1212 2381 1369 2420 cotidie
1407 2381 1587 2420 caedem
1620 2381 1818 2420 incendia
1855 2383 2047 2433 rapinas?

267 2447 431 2489 Cluent.
471 2459 565 2500 171:
607 2447 738 2498 Quod
769 2450 862 2500 ipse
894 2449 971 2487 sibi
1004 2454 1154 2501 optare
1186 2449 1376 2489 deberet.
1436 2449 1540 2489 Phil.
1575 2459 1611 2489 2.
1649 2460 1744 2502 119:
1778 2449 1880 2489 Duo
1912 2450 2046 2489 modo

266 2516 375 2557 haec
406 2523 524 2568 opto,
571 2530 702 2556 unum
735 2522 780 2555 ut
825 2517 1011 2556 moriens
1044 2517 1254 2569 populum
1288 2517 1532 2557 Romanum
1578 2518 1758 2557 liberum
1795 2519 2044 2569 relinquam.

267 2584 407 2625 Acad.
441 2596 477 2625 2.
517 2595 612 2624 121:
665 2575 844 2625 Somnia
876 2591 1021 2624 censet
1052 2584 1159 2625 haec
1192 2599 1285 2625 esse
1316 2585 1565 2636 Democriti,
1607 2599 1691 2625 non
1725 2586 1929 2636 docentis,
1968 2587 2044 2625 sed

269 2654 467 2704 optantis.
549 2654 677 2693 Tusc.
712 2663 748 2693 2.
783 2664 853 2704 30:
906 2654 1070 2705 Optare
1107 2653 1192 2693 hoc
1225 2654 1400 2705 quidem
1433 2660 1513 2704 est,
1562 2667 1648 2693 non
1695 2655 1864 2694 docere.
1945 2653 2044 2695 Sall.

269 2719 359 2760 Cat.
385 2731 449 2760 2o.
475 2732 539 2770 14:
573 2721 651 2771 En,
685 2721 766 2771 illa,
799 2721 879 2771 illa,
914 2734 1025 2772 quae
1056 2735 1188 2774 saepe
1216 2724 1384 2774 optasti,
1418 2722 1590 2762 libertas
1622 2728 1845 2775 praeterea
1875 2723 2047 2763 divitiae

268 2789 400 2828 decus
433 2789 577 2841 gloria.

382 2874 435 2928 (e)
487 2874 581 2914 The
627 2888 702 2914 use
749 2874 800 2914 of
831 2880 981 2927 optare
1027 2876 1066 2915 in
1113 2874 1267 2914 wishes
1307 2875 1497 2915 directed
1543 2881 1588 2914 to
1635 2875 1707 2914 the
1754 2875 1865 2928 gods
1912 2889 1960 2914 or
1999 2882 2044 2915 to

268 2942 447 2981 fortune.
509 2942 640 2982 Plaut.
665 2942 742 2982 As.
766 2954 839 2992 44:
872 2942 929 2982 Di
961 2943 1035 2982 tibi
1068 2943 1171 2983 dent
1202 2956 1539 2994 quaequomque
1572 2949 1733 2994 optent.
1796 2942 1919 2996 Capt.
1943 2953 2042 2995 777:

269 3010 456 3049 Tantum
489 3009 634 3060 affero,
669 3016 877 3062 quantum
909 3013 1000 3063 ipse
1033 3025 1057 3050 a
1088 3012 1195 3051 divis
1228 3017 1359 3063 optat,
1395 3017 1523 3062 atque
1554 3011 1747 3062 amplius.
1810 3009 1910 3051 Cist.
1943 3022 2043 3064 497:

268 3078 592 3130 Quodcumque
637 3084 773 3129 optes,
820 3078 896 3118 tibi
927 3080 1053 3118 velim
1102 3081 1362 3130 contingere.
1444 3078 1528 3118 Mil.
1569 3079 1691 3130 1038:
1743 3078 1798 3117 Di
1836 3080 1910 3119 tibi
1943 3080 2045 3119 dent

268 3158 569 3197 quaecumque
601 3152 737 3197 optes.
783 3146 897 3186 Trin.
917 3158 1018 3198 437:
1052 3147 1107 3186 Di
1139 3148 1260 3186 duint
1290 3147 1363 3185 tibi
1397 3159 1736 3198 quaequomque
1767 3152 1903 3199 optes.
1955 3145 2042 3187 Cic.

269 3212 388 3253 Catil.
414 3224 449 3253 2.
475 3223 540 3264 15:
574 3213 822 3264 Numquam
855 3228 938 3266 ego
971 3229 995 3254 a
1027 3215 1090 3254 dis
1123 3215 1435 3254 immortalibus
1467 3215 1630 3266 optabo
1663 3220 1708 3254 ut
1740 3214 1787 3255 L.
1807 3213 2043 3255 Catalinam

268 3281 426 3321 ducere
458 3282 694 3320 exercitum
726 3281 913 3321 hostium
946 3283 1138 3322 audiatis.
1220 3280 1339 3322 Catil.
1365 3293 1402 3333 3.
1424 3294 1467 3332 4:
1507 3282 1726 3334 Quodque
1758 3296 1841 3334 ego
1873 3297 2046 3335 semper
